@ARTICLE{Sarazin1980,
       author = {{Sarazin}, C.~L.},
       title = "{A maximum likelihood method for determining the distribution of galaxies
        in clusters}",
       keywords = {Galactic Clusters, Maximum Likelihood Estimates, Spatial Distribution,
        Statistical Analysis, Astronomical Models, Error Analysis, Monte
        Carlo Method, Subroutines, Astrophysics},
       year = 1980,
       journal = {The Astrophysical Journal},
       month = Feb,
       volume = {236},
        pages = {75-83},
          doi = {10.1086/157720},
       adsurl = {https://ui-adsabs-harvard-edu.ezproxy.obspm.fr/#abs/1980ApJ...236...75S},
      adsnote = {Provided by the SAO/NASA Astrophysics Data System}
}

@ARTICLE{Mamon2010,
       author = {{Mamon}, G.~A. and {Biviano}, A. and {Murante}, G.},
        title = "{The universal distribution of halo interlopers in projected phase space.
        Bias in galaxy cluster concentration and velocity anisotropy?}",
      journal = {Astronomy and Astrophysics},
     keywords = {galaxies: clusters: general, cosmology: miscellaneous, dark matter,
        galaxies: halos, gravitational lensing:, weak, methods:
        numerical, Astrophysics - Cosmology and Extragalactic
        Astrophysics},
         year = 2010,
        month = Sep,
       volume = {520},
          eid = {A30},
        pages = {A30},
          doi = {10.1051/0004-6361/200913948},
       adsurl = {https://ui-adsabs-harvard-edu.ezproxy.obspm.fr/#abs/2010A&A...520A..30M},
      adsnote = {Provided by the SAO/NASA Astrophysics Data System}
}

@ARTICLE{Lokas2001,
       author = {{{\L}okas}, Ewa L. and {Mamon}, Gary A.},
        title = "{Properties of spherical galaxies and clusters with an NFW density
        profile}",
      journal = {Monthly Notices of the Royal Astronomical Society},
     keywords = {METHODS: ANALYTICAL, GALAXIES: CLUSTERS: GENERAL, LARGE-SCALE STRUCTURE
        OF UNIVERSE, methods: analytical, galaxies: clusters: general,
        large-scale structure of Universe, Astrophysics},
         year = 2001,
        month = Feb,
       volume = {321},
        pages = {155-166},
          doi = {10.1046/j.1365-8711.2001.04007.x},
       adsurl = {https://ui-adsabs-harvard-edu.ezproxy.obspm.fr/#abs/2001MNRAS.321..155L},
      adsnote = {Provided by the SAO/NASA Astrophysics Data System}
}

@ARTICLE{NFW1996,
       author = {{Navarro}, Julio F. and {Frenk}, Carlos S. and {White}, Simon D.~M.},
        title = "{The Structure of Cold Dark Matter Halos}",
      journal = {The Astrophysical Journal},
     keywords = {COSMOLOGY: THEORY, COSMOLOGY: DARK MATTER, GALAXIES: HALOS, METHODS:
        NUMERICAL, Astrophysics},
         year = 1996,
        month = May,
       volume = {462},
        pages = {563},
          doi = {10.1086/177173},
       adsurl = {https://ui-adsabs-harvard-edu.ezproxy.obspm.fr/#abs/1996ApJ...462..563N},
      adsnote = {Provided by the SAO/NASA Astrophysics Data System}
}

@BOOK{Mo_concentration,
  TITLE = {Galaxy Formation and Evolution},
  AUTHOR = {{Mo}, Houjun and {van den Bosch}, Frank and {White}, Simon},
  YEAR = {2010},
  PUBLISHER = {Cambridge University Press}
}

@ARTICLE{EUCLID,
      author = {{Adam}, R. and {al.}},
      title = "{EUCLID: galaxy cluster detection in the wide photometric survey - performance and algorithms selection}",
      journal = {Astronomy and Astrophysics},
      year = 2018,
      note = {Accepted but not yet published}
}

@ARTICLE{EUCLID_BIBLE,
   author = {{Laureijs}, R. and {Amiaux}, J. and {Arduini}, S. and {Augu{\`e}res}, J.~-. and 
	{Brinchmann}, J. and {Cole}, R. and {Cropper}, M. and {Dabin}, C. and 
	{Duvet}, L. and {Ealet}, A. and et al.},
    title = "{Euclid Definition Study Report}",
  journal = {ArXiv e-prints},
archivePrefix = "arXiv",
   eprint = {1110.3193},
 primaryClass = "astro-ph.CO",
 keywords = {Astrophysics - Cosmology and Extragalactic Astrophysics, Astrophysics - Galaxy Astrophysics},
     year = 2011,
    month = oct,
   adsurl = {http://adsabs.harvard.edu/abs/2011arXiv1110.3193L},
  adsnote = {Provided by the SAO/NASA Astrophysics Data System}
}

@ARTICLE{IRAC,
   author = {{Eisenhardt}, P.~R.~M. and {Brodwin}, M. and {Gonzalez}, A.~H. and 
	{Stanford}, S.~A. and {Stern}, D. and {Barmby}, P. and {Brown}, M.~J.~I. and 
	{Dawson}, K. and {Dey}, A. and {Doi}, M. and {Galametz}, A. and 
	{Jannuzi}, B.~T. and {Kochanek}, C.~S. and {Meyers}, J. and 
	{Morokuma}, T. and {Moustakas}, L.~A.},
    title = "{Clusters of Galaxies in the First Half of the Universe from the IRAC Shallow Survey}",
  journal = {The Astrophysical Journal},
archivePrefix = "arXiv",
   eprint = {0804.4798},
 keywords = {galaxies: clusters: general, surveys},
     year = 2008,
    month = sep,
   volume = 684,
    pages = {905-932},
      doi = {10.1086/590105},
   adsurl = {http://adsabs.harvard.edu/abs/2008ApJ...684..905E},
  adsnote = {Provided by the SAO/NASA Astrophysics Data System}
}

@ARTICLE{AMICO,
   author = {{Bellagamba}, F. and {Roncarelli}, M. and {Maturi}, M. and {Moscardini}, L.
	},
    title = "{AMICO: optimized detection of galaxy clusters in photometric surveys}",
  journal = {Monthly Notices of the Royal Astronomy},
archivePrefix = "arXiv",
   eprint = {1705.03029},
 keywords = {methods: data analysis, galaxies: clusters: general, large-scale structure of Universe, cosmology: observations},
     year = 2018,
    month = feb,
   volume = 473,
    pages = {5221-5236},
      doi = {10.1093/mnras/stx2701},
   adsurl = {http://adsabs.harvard.edu/abs/2018MNRAS.473.5221B},
  adsnote = {Provided by the SAO/NASA Astrophysics Data System}
}

@ARTICLE{Catalog_EUCLID,
   author = {{Ascaso}, B. and {Mei}, S. and {Ben{\'{\i}}tez}, N.},
    title = "{Apples to apples A$^{2}$ - I. Realistic galaxy simulated catalogues and photometric redshift predictions for next-generation surveys}",
  journal = {Monthly Notices of the Royal Astronomy},
archivePrefix = "arXiv",
   eprint = {1503.01113},
 keywords = {catalogues, surveys, galaxies: evolution, galaxies: luminosity function, mass function, galaxies: photometry, cosmology: observations},
     year = 2015,
    month = nov,
   volume = 453,
    pages = {2515-2532},
      doi = {10.1093/mnras/stv1597},
   adsurl = {http://adsabs.harvard.edu/abs/2015MNRAS.453.2515A},
  adsnote = {Provided by the SAO/NASA Astrophysics Data System}
}

@ARTICLE{Pen,
   author = {{Pen}, U.-L.},
    title = "{Analytical Fit to the Luminosity Distance for Flat Cosmologies with a Cosmological Constant}",
  journal = {The Astrophysical Journal},
   eprint = {astro-ph/9904172},
 keywords = {COSMOLOGY: THEORY, COSMOLOGY: DISTANCE SCALE, Cosmology: Theory, Cosmology: Distance Scale},
     year = 1999,
    month = jan,
   volume = 120,
    pages = {49-50},
      doi = {10.1086/313167},
   adsurl = {http://adsabs.harvard.edu/abs/1999ApJS..120...49P},
  adsnote = {Provided by the SAO/NASA Astrophysics Data System}
}

@misc{TNC,
    author = {{Shewchuk} ,Jonathan, Richard},
    title = "An Introduction to the Conjugate Gradient Method Without the Agonizing Pain",
    howpublished = "\url{http://www.cs.cmu.edu/~quake-papers/painless-conjugate-gradient.pdf}",
    year = 1994,
    month = aug
    }
    
@Article{Storn1997,
  author="Storn, Rainer and Price, Kenneth",
  title="Differential Evolution -- A Simple and Efficient Heuristic for global Optimization over Continuous Spaces",
  journal="Journal of Global Optimization",
  year="1997",
  month="Dec",
  day="01",
  volume="11",
  number="4",
  pages="341--359",
  abstract="A new heuristic approach for minimizing possiblynonlinear and non-differentiable continuous spacefunctions is presented. By means of an extensivetestbed it is demonstrated that the new methodconverges faster and with more certainty than manyother acclaimed global optimization methods. The newmethod requires few control variables, is robust, easyto use, and lends itself very well to parallelcomputation.",
  issn="1573-2916",
  doi="10.1023/A:1008202821328",
  url="https://doi.org/10.1023/A:1008202821328"
}

@article{BFGS,
  author = {BROYDEN, C. G.},
  title = {The Convergence of a Class of Double-rank Minimization Algorithms2. The New Algorithm},
  journal = {IMA Journal of Applied Mathematics},
  volume = {6},
  number = {3},
  pages = {222-231},
  year = {1970},
  doi = {10.1093/imamat/6.3.222},
  URL = {http://dx.doi.org/10.1093/imamat/6.3.222},
  eprint = {/oup/backfile/content_public/journal/imamat/6/3/10.1093/imamat/6.3.222/2/6-3-222.pdf}
}

@article{Powell,
  author = {Powell, M. J. D.},
  title = {An efficient method for finding the minimum of a function of several variables without calculating derivatives},
  journal = {The Computer Journal},
  volume = {7},
  number = {2},
  pages = {155-162},
  year = {1964},
  doi = {10.1093/comjnl/7.2.155},
  URL = {http://dx.doi.org/10.1093/comjnl/7.2.155},
  eprint = {/oup/backfile/content_public/journal/comjnl/7/2/10.1093/comjnl/7.2.155/2/070155.pdf}
}
    
@article{NelderMead,
  author = {Nelder, J.A. and Mead, RA},
  year = {1965},
  month = {01},
  pages = {},
  title = {A Simplex Method for Function Minimization Comput},
  volume = {7},
  booktitle = {The Computer Journal}
}    


@ARTICLE{GALFORM,
   author = {{Merson}, A.~I. and {Baugh}, C.~M. and {Helly}, J.~C. and {Gonzalez-Perez}, V. and 
	{Cole}, S. and {Bielby}, R. and {Norberg}, P. and {Frenk}, C.~S. and 
	{Benson}, A.~J. and {Bower}, R.~G. and {Lacey}, C.~G. and {Lagos}, C.~d.~P.
	},
    title = "{Lightcone mock catalogues from semi-analytic models of galaxy formation - I. Construction and application to the BzK colour selection}",
  journal = {Monthly Notices of the Royal Astronomy},
archivePrefix = "arXiv",
   eprint = {1206.4049},
 keywords = {methods: numerical, galaxies: formation, galaxies: statistics, cosmology: large-scale structure of Universe, astronomical data bases: miscellaneous},
     year = 2013,
    month = feb,
   volume = 429,
    pages = {556-578},
      doi = {10.1093/mnras/sts355},
   adsurl = {http://adsabs.harvard.edu/abs/2013MNRAS.429..556M},
  adsnote = {Provided by the SAO/NASA Astrophysics Data System}
}
    
@ARTICLE{GADGET-2,
   author = {{Springel}, V.},
    title = "{The cosmological simulation code GADGET-2}",
  journal = {Monthly Notices of the Royal Astronomy},
   eprint = {astro-ph/0505010},
 keywords = {methods: numerical, galaxies: interactions, dark matter},
     year = 2005,
    month = dec,
   volume = 364,
    pages = {1105-1134},
      doi = {10.1111/j.1365-2966.2005.09655.x},
   adsurl = {http://adsabs.harvard.edu/abs/2005MNRAS.364.1105S},
  adsnote = {Provided by the SAO/NASA Astrophysics Data System}
}

@ARTICLE{Springel2005,
   author = {{Springel}, V. and {White}, S.~D.~M. and {Jenkins}, A. and {Frenk}, C.~S. and 
	{Yoshida}, N. and {Gao}, L. and {Navarro}, J. and {Thacker}, R. and 
	{Croton}, D. and {Helly}, J. and {Peacock}, J.~A. and {Cole}, S. and 
	{Thomas}, P. and {Couchman}, H. and {Evrard}, A. and {Colberg}, J. and 
	{Pearce}, F.},
    title = "{Simulations of the formation, evolution and clustering of galaxies and quasars}",
  journal = {Nature},
   eprint = {astro-ph/0504097},
     year = 2005,
    month = jun,
   volume = 435,
    pages = {629-636},
      doi = {10.1038/nature03597},
   adsurl = {http://adsabs.harvard.edu/abs/2005Natur.435..629S},
  adsnote = {Provided by the SAO/NASA Astrophysics Data System}
}
